<?xml version="1.0" encoding="UTF-8"?><collection xmlns="http://www.loc.gov/MARC21/slim"><record><leader>00617nam--2200181-i-4500</leader><controlfield tag="001">000010978</controlfield><controlfield tag="002">20161230</controlfield><controlfield tag="005">20161230201029</controlfield><controlfield tag="008">060222s1000------------r-----000-0-fre-d</controlfield><datafield ind1=" " ind2=" " tag="040"><subfield code="a">IFIN-HH</subfield></datafield><datafield ind1=" " ind2=" " tag="041"><subfield code="a">fre</subfield></datafield><datafield ind1=" " ind2=" " tag="080"><subfield code="a">539.172.3(043):539.2(043)</subfield></datafield><datafield ind1="1" ind2=" " tag="100"><subfield code="a">Cruset, Alain</subfield></datafield><datafield ind1="1" ind2="0" tag="245"><subfield code="a">Etude des conditions de stabilisation des especes aliovalents de fer 57 observees par spectroscipie mossbauer apres capture electronique du cobalt 57</subfield><subfield code="b">These</subfield><subfield code="c">Alain cruset</subfield></datafield><datafield ind1=" " ind2=" " tag="260"><subfield code="a">Strasbourg</subfield><subfield code="b">Universite Louis Pasteur De Strasbourg</subfield><subfield code="c">1972</subfield></datafield><datafield ind1=" " ind2=" " tag="300"><subfield code="a">148P</subfield></datafield><datafield ind1=" " ind2=" " tag="852"><subfield code="a">40505</subfield><subfield code="c">539.163.2</subfield></datafield><datafield ind1=" " ind2=" " tag="CAT"><subfield code="a">Sys</subfield><subfield code="c">20120524</subfield><subfield code="h">152642</subfield></datafield></record></collection>